<record xmlns="http://www.loc.gov/MARC21/slim" xmlns:xsi="http://www.w3.org/2001/XMLSchema-instance" xsi:schemaLocation="http://www.loc.gov/MARC21/slim http://www.loc.gov/standards/marcxml/schema/MARC21slim.xsd"><leader>00000cz   2200000n  4500</leader><controlfield tag="001">oca00288921 </controlfield><controlfield tag="005">20050329165416.0</controlfield><controlfield tag="008">790629n| acannaab           |a aaa      </controlfield><datafield ind1=" " ind2=" " tag="010"><subfield code="a">n  79055814 </subfield></datafield><datafield ind1=" " ind2=" " tag="040"><subfield code="a">DLC</subfield><subfield code="c">DLC</subfield><subfield code="d">DLC</subfield><subfield code="d">MH</subfield><subfield code="d">DLC</subfield></datafield><datafield ind1=" " ind2="0" tag="053"><subfield code="a">PA8500-PA8518</subfield></datafield><datafield ind1="1" ind2=" " tag="100"><subfield code="a">Erasmus, Desiderius,</subfield><subfield code="d">d. 1536</subfield></datafield><datafield ind1="1" ind2=" " tag="400"><subfield code="a">Erasme, Désiré,</subfield><subfield code="d">d. 1536</subfield></datafield><datafield ind1="1" ind2=" " tag="400"><subfield code="a">Erasmo, Desidério,</subfield><subfield code="d">d. 1536</subfield></datafield><datafield ind1="1" ind2=" " tag="400"><subfield code="a">Erasm, Dezideriĭ,</subfield><subfield code="d">d. 1536</subfield></datafield><datafield ind1="0" ind2=" " tag="400"><subfield code="a">Erasmus,</subfield><subfield code="c">Roterodamus,</subfield><subfield code="d">d. 1536</subfield></datafield><datafield ind1="1" ind2=" " tag="400"><subfield code="a">Roterodamus, Erasmus,</subfield><subfield code="d">d. 1536</subfield></datafield><datafield ind1="0" ind2=" " tag="400"><subfield code="a">Erasmus,</subfield><subfield code="c">of Rotterdam,</subfield><subfield code="d">d. 1536</subfield></datafield><datafield ind1="0" ind2=" " tag="400"><subfield code="a">Ėrazm,</subfield><subfield code="c">Rotterdamskiĭ,</subfield><subfield code="d">d. 1536</subfield></datafield><datafield ind1="1" ind2=" " tag="400"><subfield code="a">Rotterdamskiĭ, Ėrazm,</subfield><subfield code="d">d. 1536</subfield></datafield><datafield ind1="0" ind2=" " tag="400"><subfield code="a">Erazm,</subfield><subfield code="c">z Rotterdamu,</subfield><subfield code="d">d. 1536</subfield></datafield><datafield ind1="1" ind2=" " tag="400"><subfield code="a">Rotterdamský, Erasmus Desiderius,</subfield><subfield code="d">d. 1536</subfield></datafield><datafield ind1="0" ind2=" " tag="400"><subfield code="a">Desiderius Erasmus,</subfield><subfield code="c">von Rotterdam,</subfield><subfield code="d">d. 1536</subfield></datafield><datafield ind1="0" ind2=" " tag="400"><subfield code="a">Erasmus,</subfield><subfield code="c">von Rotterdam,</subfield><subfield code="d">d. 1536</subfield></datafield><datafield ind1="0" ind2=" " tag="400"><subfield code="a">Erasmo,</subfield><subfield code="c">da Rotterdam,</subfield><subfield code="d">d. 1536</subfield></datafield><datafield ind1="0" ind2=" " tag="400"><subfield code="a">Erasmo,</subfield><subfield code="c">de Rotterdam,</subfield><subfield code="d">d. 1536</subfield></datafield><datafield ind1=" " ind2=" " tag="670"><subfield code="a">Hyma, A. Erasmus and the humanists ... 1930.</subfield></datafield><datafield ind1=" " ind2=" " tag="670"><subfield code="a">Chomarat, J. Grammaire et rhétorique chez Erasme, 1981:</subfield><subfield code="b">v. 1, t.p. (Erasme)</subfield></datafield><datafield ind1=" " ind2=" " tag="670"><subfield code="a">Bib. nat.</subfield><subfield code="b">(Erasme, Désiré)</subfield></datafield><datafield ind1=" " ind2=" " tag="670"><subfield code="a">Krüger, F. Humanistische Evangelienauslegung, c1986:</subfield><subfield code="b">t.p. (Desiderius Erasmus von Rotterdam)</subfield></datafield><datafield ind1=" " ind2=" " tag="670"><subfield code="a">His Adagia, c1984:</subfield><subfield code="b">t.p. (Erasmus von Rotterdam)</subfield></datafield><datafield ind1=" " ind2=" " tag="670"><subfield code="a">Kaizu, T. Shōzōga no ikonorojī, 1987:</subfield><subfield code="b">p. 3 (Desiderius Erasmus Roterodamus; b. 10/1469; d. 7/12/1536)</subfield></datafield><datafield ind1=" " ind2=" " tag="670"><subfield code="a">Portugal. Biblioteca Nacional. Erasmo na Biblioteca ... 1987:</subfield><subfield code="b">t.p. (Erasmo) p. 11, etc. (1466.1536; Desidério Erasmo)</subfield></datafield><datafield ind1=" " ind2=" " tag="670"><subfield code="a">Parafrasi della lettera ai Romani, c1990:</subfield><subfield code="b">t.p. (Erasmo da Rotterdam)</subfield></datafield><datafield ind1=" " ind2=" " tag="670"><subfield code="a">Adagios del poder y de la .... 2000:</subfield><subfield code="b">t.p. (Erasmo de Rotterdam)</subfield></datafield><datafield ind1=" " ind2=" " tag="999"><subfield code="a">5259</subfield></datafield></record>